% Encoding: UTF-8

@Manual{cmmnSpec,
  title         = {{C}ase {M}anagement {M}odel and {N}otation},
  organization  = {Object Management Group},
  edition       = {Version 1.0},
  month         = may,
  year          = {2014},
  bdsk-file-1   = {YnBsaXN0MDDUAQIDBAUGJCVYJHZlcnNpb25YJG9iamVjdHNZJGFyY2hpdmVyVCR0b3ASAAGGoKgHCBMUFRYaIVUkbnVsbNMJCgsMDxJXTlMua2V5c1pOUy5vYmplY3RzViRjbGFzc6INDoACgAOiEBGABIAFgAdccmVsYXRpdmVQYXRoWWFsaWFzRGF0YV8QLy4uLy4uLy4uLy4uLy4uLy4uL0Rvd25sb2Fkcy9mb3JtYWwtMTQtMDUtMDUucGRm0hcLGBlXTlMuZGF0YU8RAZIAAAAAAZIAAgAAC0Z1c2lvbkRyaXZlAAAAAAAAAAAAAAAAAAAAAMslZbRIKwAAABzeXxNmb3JtYWwtMTQtMDUtMDUucGRmAAAAAAAAAAAAAAAAAAAAAAAAAAAAAAAAAAAAAAAAAAAAAAAAAAAAAAAAAAACcDll0qb7MwAAAAAAAAAAAAYAAgAACSAAAAAAAAAAAAAAAAAAAAAJRG93bmxvYWRzAAAQAAgAAMslV6QAAAARAAgAANKm7SMAAAABAAwAHN5fABy3gAACk+4AAgA6RnVzaW9uRHJpdmU6VXNlcnM6AERvbWluaWs6AERvd25sb2FkczoAZm9ybWFsLTE0LTA1LTA1LnBkZgAOACgAEwBmAG8AcgBtAGEAbAAtADEANAAtADAANQAtADAANQAuAHAAZABmAA8AGAALAEYAdQBzAGkAbwBuAEQAcgBpAHYAZQASACtVc2Vycy9Eb21pbmlrL0Rvd25sb2Fkcy9mb3JtYWwtMTQtMDUtMDUucGRmAAATAAEvAAAVAAIADv//AACABtIbHB0eWiRjbGFzc25hbWVYJGNsYXNzZXNdTlNNdXRhYmxlRGF0YaMdHyBWTlNEYXRhWE5TT2JqZWN00hscIiNcTlNEaWN0aW9uYXJ5oiIgXxAPTlNLZXllZEFyY2hpdmVy0SYnVHJvb3SAAQAIABEAGgAjAC0AMgA3AEAARgBNAFUAYABnAGoAbABuAHEAcwB1AHcAhACOAMAAxQDNAmMCZQJqAnUCfgKMApAClwKgAqUCsgK1AscCygLPAAAAAAAAAgEAAAAAAAAAKAAAAAAAAAAAAAAAAAAAAtE=},
  date-added    = {2015-12-28 13:51:38 +0000},
  date-modified = {2015-12-28 13:53:08 +0000},
}

@Book{Dumas2013,
  title     = {{F}undamentals of {B}usiness {P}rocess {M}anagement},
  publisher = {Springer Science \& Business Media},
  year      = {2013},
  author    = {Dumas, Marlon AND Rosa, Marcello La AND Mendling, Jan AND Reijers, Hajo},
  address   = {Berlin Heidelberg},
  isbn      = {978-3-642-33143-5},
}

@Book{Aalst2011,
  title     = {{P}rocess {M}ining - {D}iscovery, {C}onformance and {E}nhancement of {B}usiness {P}rocesses},
  publisher = {Springer Science \& Business Media},
  year      = {2011},
  author    = {Aalst, Wil van der},
  address   = {Berlin Heidelberg},
  edition   = {2011. Aufl.},
  isbn      = {978-3-642-19345-3},
}

@Book{Weilkiens2015,
  title     = {{B}asiswissen {G}esch{\"{a}}ftsprozessmanagement - {A}us- und {W}eiterbildung zum {OMG} {C}ertified {E}xpert in {B}usiness {P}rocess {M}anagement 2 ({OCEB}2) - {F}undamental {L}evel},
  publisher = {Dpunkt.Verlag GmbH},
  year      = {2015},
  author    = {Weilkiens, Tim AND Weiss, Christian AND Grass, Andrea AND Duggen, Kim Nena},
  address   = {Heidelberg},
  edition   = {2. akt. Aufl.},
  isbn      = {978-3-864-90193-5},
}

@InBook{Biard2015,
  chapter   = {Separation of Decision Modeling from Business Process Modeling Using New ``Decision Model and Notation'' (DMN) for Automating Operational Decision-Making},
  pages     = {489--496},
  title     = {{R}isks and {R}esilience of {C}ollaborative {N}etworks: 16\textsuperscript{th} {IFIP} {WG} 5.5~{W}orking {C}onference on {V}irtual {E}nterprises, {PRO}-{VE} 2015, {A}lbi, {France},, {October} 5-7, 2015, {P}roceedings},
  publisher = {Springer International Publishing},
  year      = {2015},
  author    = {Biard, Thierry and Mauff, Alexandre and Bigand, Michel and Bourey, Jean-Pierre},
  editor    = {Camarinha-Matos, M. Luis and B{\'e}naben, Fr{\'e}d{\'e}rick and Picard, Willy},
  address   = {Cham},
  doi       = {10.1007/978-3-319-24141-8_45},
  isbn      = {978-3-319-24141-8},
  keywords  = {DMN, Decision modeling},
}

@InProceedings{Motahari-NezhadSwenson2013,
  author    = {H. R. Motahari-Nezhad and K. D. Swenson},
  title     = {{A}daptive {C}ase {M}anagement: {O}verview and {R}esearch {C}hallenges},
  booktitle = {2013 IEEE 15\textsuperscript{th} Conference on Business Informatics},
  year      = {2013},
  pages     = {264--269},
  month     = jul,
  doi       = {10.1109/CBI.2013.44},
  issn      = {2378-1963},
  keywords  = {decision making;knowledge management;adaptive case management;business process management;custom-built applications;customer relationship management;decision making;enterprise content management;human judgment;knowledge workers;work coordination;Collaboration;Context;Electronic mail;Industries;Organizations;Protocols;best practice processes;case management;knowledge work},
}

@InProceedings{WangTraore2014,
  author    = {Wang, Shaowei and Traor{\'e}, Mamadou Kaba},
  title     = {{A} {S}ystem-theoretic {A}pproach to {C}ase {M}anagement},
  booktitle = {Proceedings of the 2014 SpringSim Poster Session},
  year      = {2014},
  series    = {Posters '14},
  pages     = {31--32},
  address   = {San Diego, CA, USA},
  publisher = {Society for Computer Simulation International},
  acmid     = {2664314},
  articleno = {3},
  keywords  = {CMMN, DDML, case management, model-to-model transformation},
  location  = {Tampa, Florida},
  numpages  = {2},
  url       = {http://dl.acm.org/citation.cfm?id=2664311.2664314},
}

@InProceedings{Zeising_2014,
  author    = {Michael Zeising and Stefan Sch{\"{o}}nig and Stefan Jablonski},
  title     = {{T}owards a {C}ommon {P}latform for the {S}upport of {R}outine and {A}gile {B}usiness {P}rocesses},
  booktitle = {Proceedings of the 10\textsuperscript{th} {IEEE} International Conference on Collaborative Computing: Networking, Applications and Worksharing},
  year      = {2014},
  pages     = {94--103},
  month     = oct,
  publisher = {Institute for Computer Sciences, Social Informatics and Telecommunications Engineering ({ICST})},
  doi       = {10.4108/icst.collaboratecom.2014.257269},
  keywords  = {business data processing;knowledge based systems;CMMN models;agile business processes;business process requirements;case management model and notation;intermediate language;process navigation platform;routine business processes;rule-based notation;Routing;Synchronization;Transient analysis;CMMN;Process Navigation;Workflow Patterns;agile processes;business processes;cross-perspective modeling;modalities;procedural modeling;routine processes;rule-based modeling},
}

@InBook{Kuzin2013,
  chapter   = {CMMN Implementation in Executable Model of Business Process at Order-Based Manufacturing Enterprise},
  pages     = {112--123},
  title     = {{O}n the {M}ove to {M}eaningful {I}nternet {S}ystems: {OTM} 2013~{W}orkshops: {C}onfederated {I}nternational {W}orkshops: {OTM} {A}cademy, {OTM} {I}ndustry {C}ase {S}tudies {P}rogram, {ACM}, {EI}2{N}, {ISDE}, {META}4e{S}, {ORM}, {S}e{D}e{S}, {SINCOM}, {SMS}, and {SOMOCO} 2013, {G}raz, {Austria}, {September} 9 - 13, 2013, {P}roceedings},
  publisher = {Springer Berlin Heidelberg},
  year      = {2013},
  author    = {Kuzin, Vadim and Kuzina, Galina},
  editor    = {Demey, Yan Tang and Panetto, Herv{\'e}},
  address   = {Berlin, Heidelberg},
  doi       = {10.1007/978-3-642-41033-8_18},
  isbn      = {978-3-642-41033-8},
}

@InProceedings{OsuszekStanek2015,
  author    = {{\L}ukasz Osuszek and Stanis{\l}aw Stanek},
  title     = {{K}nowledge {M}anagement and {D}ecision {S}upport in {A}daptive {C}ase {M}anagement {P}latforms},
  booktitle = {Proceedings of the 2015 Federated Conference on Computer Science and Information Systems},
  year      = {2015},
  month     = oct,
  publisher = {Polish Information Processing Society {PTI}},
  doi       = {10.15439/2015f60},
}

@InProceedings{KurzSchmidtFleischmannEtAl2015,
  author    = {Matthias Kurz and Werner Schmidt and Albert Fleischmann and Matthias Lederer},
  title     = {{L}everaging {CMMN} for {ACM}},
  booktitle = {Proceedings of the 7\textsuperscript{th} International Conference on Subject-Oriented Business Process Management - S-{BPM} {ONE} {\textquotesingle}15},
  year      = {2015},
  publisher = {Association for Computing Machinery ({ACM})},
  doi       = {10.1145/2723839.2723843},
}

@InProceedings{MarinLotrietPoll2014,
  author    = {Mike A. Marin and Hugo Lotriet and John A. Van Der Poll},
  title     = {{M}easuring {M}ethod {C}omplexity of the {C}ase {M}anagement {M}odeling and {N}otation ({CMMN})},
  booktitle = {Proceedings of the Southern African Institute for Computer Scientist and Information Technologists Annual Conference 2014 on {SAICSIT} 2014 Empowered by Technology - {SAICSIT} {\textquotesingle}14},
  year      = {2014},
  publisher = {Association for Computing Machinery ({ACM})},
  doi       = {10.1145/2664591.2664608},
}

@InProceedings{MarinLotrietPoll2015,
  author    = {Mike A. Marin and Hugo Lotriet and John A. Van Der Poll},
  title     = {{M}etrics for the {C}ase {M}anagement {M}odeling and {N}otation ({CMMN}) {S}pecification},
  booktitle = {Proceedings of the 2015 Annual Research Conference on South African Institute of Computer Scientists and Information Technologists - {SAICSIT} {\textquotesingle}15},
  year      = {2015},
  publisher = {Association for Computing Machinery ({ACM})},
  doi       = {10.1145/2815782.2815813},
}

@InBook{Herzberg2015,
  chapter   = {Modeling and Monitoring Variability in Hospital Treatments: A Scenario Using CMMN},
  pages     = {3--15},
  title     = {{B}usiness {P}rocess {M}anagement {W}orkshops: {BPM} 2014 {I}nternational {W}orkshops, {E}indhoven, {T}he {Netherlands}, {September} 7-8, 2014, {R}evised {P}apers},
  publisher = {Springer International Publishing},
  year      = {2015},
  author    = {Herzberg, Nico and Kirchner, Kathrin and Weske, Mathias},
  editor    = {Fournier, Fabiana and Mendling, Jan},
  address   = {Cham},
  doi       = {10.1007/978-3-319-15895-2_1},
  isbn      = {978-3-319-15895-2},
}

@InCollection{HenkelPerjonsSneiders2015,
  author    = {Martin Henkel and Erik Perjons and Eriks Sneiders},
  title     = {{S}upporting {W}orkflow and {A}daptive {C}ase {M}anagement with {L}anguage {T}echnologies},
  booktitle = {New Contributions in Information Systems and Technologies},
  publisher = {Springer Science $\mathplus$ Business Media},
  year      = {2015},
  pages     = {543--552},
  doi       = {10.1007/978-3-319-16486-1_53},
}

@InCollection{MertensGaillyPoels2015,
  author    = {Steven Mertens and Frederik Gailly and Geert Poels},
  title     = {{E}nhancing {D}eclarative {P}rocess {M}odels with {DMN} {D}ecision {L}ogic},
  booktitle = {Enterprise, Business-Process and Information Systems Modeling},
  publisher = {Springer Science $\mathplus$ Business Media},
  year      = {2015},
  pages     = {151--165},
  doi       = {10.1007/978-3-319-19237-6_10},
  keywords  = {DMN, Decision modeling},
}

@InCollection{BatoulisMeyerBazhenovaEtAl2015,
  author    = {Kimon Batoulis and Andreas Meyer and Ekaterina Bazhenova and Gero Decker and Mathias Weske},
  title     = {{E}xtracting {D}ecision {L}ogic from {P}rocess {M}odels},
  booktitle = {Advanced Information Systems Engineering},
  publisher = {Springer Science $\mathplus$ Business Media},
  year      = {2015},
  pages     = {349--366},
  doi       = {10.1007/978-3-319-19069-3_22},
}

@InCollection{WiebringSandkuhl2015,
  author    = {J{\"{o}}rn Wiebring and Kurt Sandkuhl},
  title     = {{S}electing the {\textquotedblleft}{R}ight{\textquotedblright} {N}otation for {B}usiness {P}rocess {M}odeling: {E}xperiences from an {I}ndustrial {C}ase},
  booktitle = {Lecture Notes in Business Information Processing},
  publisher = {Springer Science $\mathplus$ Business Media},
  year      = {2015},
  pages     = {129--144},
  doi       = {10.1007/978-3-319-21915-8_9},
  keywords  = {DMN, Decision modeling},
}

@InCollection{BiardMauffBigandEtAl2015,
  author    = {Thierry Biard and Alexandre Le Mauff and Michel Bigand and Jean-Pierre Bourey},
  title     = {{S}eparation of {D}ecision {M}odeling from {B}usiness {P}rocess {M}odeling {U}sing {N}ew {\textquotedblleft}{D}ecision {M}odel and {N}otation{\textquotedblright} ({DMN}) for {A}utomating {O}perational {D}ecision-{M}aking},
  booktitle = {Risks and Resilience of Collaborative Networks},
  publisher = {Springer Science $\mathplus$ Business Media},
  year      = {2015},
  pages     = {489--496},
  doi       = {10.1007/978-3-319-24141-8_45},
  keywords  = {DMN, Decision modeling},
}

@InProceedings{ThomasDiamentMartinoEtAl2012,
  author    = {J. C. Thomas and J. Diament and J. Martino and R. K. E. Bellamy},
  title     = {{U}sing the {\textquotedblleft}{P}hysics{\textquotedblright} of notations to analyze a visual representation of business decision modeling},
  booktitle = {Proc. IEEE Symp. Visual Languages and Human-Centric Computing (VL/HCC)},
  year      = {2012},
  pages     = {41--44},
  month     = sep,
  doi       = {10.1109/VLHCC.2012.6344478},
  issn      = {1943-6092},
  keywords  = {business data processing, cognition, decision tables, human computer interaction, psychology, software engineering, Moody, business decision modeling, business rule, cognitive psychology, computer program, decision table, human-computer interaction, software architecture, software engineering, visual representation, Business, Color, Complexity theory, Context, Semantics, Usability, Visualization, business decisions, business rules, decision tables, human-computer interaction, visual representations, DMN, Decision modeling},
}

@Comment{jabref-meta: databaseType:bibtex;}

@Comment{jabref-meta: groupstree:
0 AllEntriesGroup:;
1 ExplicitGroup:CMMN / ACM\;0\;HenkelPerjonsSneiders2015\;Herzberg2015\;KurzSchmidtFleischmannEtAl2015\;Kuzin2013\;MarinLotrietPoll2014\;MarinLotrietPoll2015\;Motahari-NezhadSwenson2013\;OsuszekStanek2015\;WangTraore2014\;Zeising_2014\;cmmnSpec\;;
1 ExplicitGroup:Allgemeines BPM\;0\;Aalst2011\;Dumas2013\;Weilkiens2015\;;
1 KeywordGroup:DMN\;0\;keywords\;DMN, Decision modeling\;0\;0\;;
}

@Comment{jabref-meta: groupsversion:3;}
